@inproceedings{Warnock17,
author = {Warnock, April and Ruf, Christopher and Morris, Mary},
year = {2017},
month = {07},
pages = {2975-2978},
title = {Storm surge prediction with cygnss winds},
doi = {10.1109/IGARSS.2017.8127624}
}

@article{glahn2009role,
  title={The role of the SLOSH model in National Weather Service storm surge forecasting},
  author={Glahn, Bob and Taylor, Arthur and Kurkowski, Nicole and Shaffer, Wilson A},
  journal={National Weather Digest},
  volume={33},
  number={1},
  pages={3--14},
  year={2009},
  publisher={Citeseer}
}

@inproceedings{turan2018comparison,
  title={Comparison of ADCIRC and SLOSH model simulations for hurricanes Andrew and Irma near Miami, Florida},
  author={Turan, CK and Kinfu, YP and Samad, MA and Farhadzadeh, A and Ng, K},
  booktitle={World Environmental and Water Resources Congress 2018},
  pages={176--187},
  year={2018},
  organization={American Society of Civil Engineers Reston, VA}
}

@article{lynch1979wave,
  title={A wave equation model for finite element tidal computations},
  author={Lynch, Daniel R and Gray, William G},
  journal={Computers \& fluids},
  volume={7},
  number={3},
  pages={207--228},
  year={1979},
  publisher={Elsevier}
}

@article{dresback2005form,
  title={On the form of the momentum equation for shallow water models based on the generalized wave continuity equation},
  author={Dresback, Kendra M and Kolar, Randall L and Dietrich, J Casey},
  journal={Advances in water resources},
  volume={28},
  number={4},
  pages={345--358},
  year={2005},
  publisher={Elsevier}
}

@incollection{fleming2008real,
  title={A real time storm surge forecasting system using ADCIRC},
  author={Fleming, Jason G and Fulcher, Crystal W and Luettich, Richard A and Estrade, Brett D and Allen, Gabrielle D and Winer, Harley S},
  booktitle={Estuarine and coastal modeling (2007)},
  pages={893--912},
  year={2008}
}

@article{luettich1992adcirc,
    title={ADCIRC: An advanced three-dimensional circulation model for shelves, coasts, and estuaries. Report 1: Theory and methodology of ADCIRC-2DDI and ADCIRC-3DL},
    author={Luettich, Richard A and Westerink, Joannes J and Scheffner, Norman W},
    journal={Tech. Rep. Dredging Research Program Tech. Rep. DRP-92-6, U.S. Army Engineer Waterways Experiment Station, Vicksburg, MS},
    volume={90},
    pages={93},
    year={1992}
}

@online{Securerun,
  author = {Estrade, Brett},
  title = {{Securerun}},
  year  = {2004},
  url   = {https://github.com/StormSurgeLive/securerun},
  note  = {https://github.com/StormSurgeLive/securerun},
}

@patent{SecurerunUSPTO,
  author = {{Estrade, Brett}},
  title  = {{XML based scripting framework, and methods of providing automated interactions with remote systems
}},
  year   = {2005},
  type   = {Patent Application},
  number = {US12/836,665},
  note   = {US Patent Application, US12/836,665},
}

@article{LPFS,
author = {Bogden, Philip and Luettich, Jr, Richard and Seidel, Harry and Allen, Gabrielle and Twilley, Robert},
year = {2012},
month = {04},
pages = {},
title = {Designing a Dynamic Data Driven Application System for Coastal and Environmental Modeling},
volume = {239},
isbn = {978-0-387-73658-7},
journal = {International Federation for Information Processing Digital Library; Grid-Based Problem Solving Environments;},
doi = {10.1007/978-0-387-73659-4_15}
}

@inproceedings{maclaren2007harc,
  title={HARC: the highly-available resource co-allocator},
  author={MacLaren, Jon},
  booktitle={OTM Confederated International Conferences" On the Move to Meaningful Internet Systems"},
  pages={1385--1402},
  year={2007},
  organization={Springer}
}

@article{blain2005high,
  title={High Resolution Characterization of Riverine and Coastal Currents},
  author={Blain, Cheryl A and Massey, TC and Estrade, Brett D and NAVAL RESEARCH LAB STENNIS SPACE CENTER MS OCEANOGRAPHY DIV},
  year={2005}
} 

@misc{adcirc,
  author = {{ADvanced CIRCulation Model}},
  title = {{ADvanced CIRCulation Model (ADCIRC)}},
  howpublished = {\url{https://github.com/adcirc/adcirc}},
  year = {2024},
  note = {Accessed: June 3, 2024}
}

@misc{asgs,
  author = {{Storm Surge Live}},
  title = {{Automated Storm Surge Analysis}},
  howpublished = {\url{https://github.com/StormSurgeLive/asgs}},
  year = {2024},
  note = {Accessed: June 3, 2024}
}

@misc{adcircspack,
  author = {{ADvanced CIRCulation Model}},
  title = {{ADvanced CIRCulation Model (ADCIRC) - Spack}},
  howpublished = {\url{https://github.com/adcirc/adcirc-spack}},
  year = {2024},
  note = {Accessed: June 3, 2024}
}

@patent{US8112455B2,
  title  = {Fort.22 file creation tool},
  author = {Blaine, Cheryl  A. and Linzell, Robert S and Estrade, Brett D},
  year   = {2012},
  type   = {Patent},
  number = {US8112455B2},
  note   = {US Patent US8112455B2},
}

@patent{US20140164438A1,
  title  = {System and method for providing structured data to a structured or unstructured grid},
  author = {Blaine, Cheryl  A. and Linzell, Robert S and Estrade, Brett D},
  year   = {2014},
  type   = {Patent},
  number = {US20140164438A1},
  note   = {US Patent US20140164438A1},
}

@article{dietrich2012performance,
  title={Performance of the unstructured-mesh, SWAN+ ADCIRC model in computing hurricane waves and surge},
  author={Dietrich, J Casey and Tanaka, Seizo and Westerink, Joannes J and Dawson, Clinton N and Luettich, RA and Zijlema, Marcel and Holthuijsen, Leo H and Smith, JM and Westerink, LG and Westerink, HJ},
  journal={Journal of Scientific Computing},
  volume={52},
  pages={468--497},
  year={2012},
  publisher={Springer}
}

@inproceedings{allard2003high,
  title={High Fidelity simulation of littoral environments: applications and coupling of participating models},
  author={Allard, Richard A and Blain, Cheryl A and Smedstad, Lucy F and Keen, Timothy and Wallcraft, Alan J and Barren, CN and Dykes, James D and Edwards, Catherine R and Estrade, Brett D and Bettencourt, M Matthew and others},
  booktitle={2003 User Group Conference. Proceedings},
  pages={306--313},
  year={2003},
  organization={IEEE}
}

@misc{stampede3,
  title = {Stampede3 Supercomputer Enters Full Production, Modernizes to Meet Computational Needs},
  author = {{Texas Advanced Computing Center}},
  year = {2024},
  howpublished = {\url{https://tacc.utexas.edu/news/latest-news/2024/05/13/stampede3-supercomputer-enters-full-production-modernizes-to-meet-computational-needs/}},
}

@misc{crc-adcirc-factsheet,
  title = {{CRC ADCIRC} Fact Sheet 2019},
  author = {{U.S. Department of Homeland Security}},
  year = {2019},
  howpublished = {\url{https://www.dhs.gov/sites/default/files/publications/crc-adcirc-factsheet_2019-updated_0.pdf}},
}

@online{asgs-cheat-sheet,
  title = {{ASGS} Cheat Sheet},
  author = {{StormSurgeLive}},
  year = {2024},
  url = {https://github.com/StormSurgeLive/asgs/wiki/ASGS-Cheat-Sheet},
  urldate = {2024},
}

@article{benchmarks,
  title={Towards a faster and improved ADCIRC (ADvanced Multi-Dimensional CIRCulation) model},
  author={Ceyhan, E and Basuchowdhuri, P and Judeh, T and Ou, S and Estrade, B and Kosar, T},
  journal={Journal of Coastal Research},
  volume={50},
  number={sp1},
  pages={949--954},
  year={2024},
  publisher={BioOne}
}
